@inproceedings{maggiori2017dataset,
  title={Can Semantic Labeling Methods Generalize to Any City? The Inria Aerial Image Labeling Benchmark},
  author={Maggiori, Emmanuel and Tarabalka, Yuliya and Charpiat, Guillaume and Alliez, Pierre},
  booktitle={IEEE International Geoscience and Remote Sensing Symposium (IGARSS)},
  year={2017},
  organization={IEEE}
}